@book{hecht2012optics,
  title={Optics},
  author={Hecht, Eugene},
  year={2012},
  publisher={Pearson Education India}
}

@book{texier2015mecanique,
  title={M{\'e}canique quantique-2e {\'e}dition: Cours et exercices corrig{\'e}s},
  author={Texier, Christophe},
  year={2015},
  publisher={Dunod}
}

@misc{ frwiki:202804266,
   author = "Wikipédia",
   title = "Fission nucléaire --- Wikipédia{,} l'encyclopédie libre",
   year = "2023",
   url = "http://fr.wikipedia.org/w/index.php?title=Fission_nucl%C3%A9aire&oldid=202804266",
   note = "[En ligne; Page disponible le 31-mars-2023]"
 }

 @misc{ frwiki:200073754,
   author = "Wikipédia",
   title = "Radioactivité α --- Wikipédia{,} l'encyclopédie libre",
   year = "2023",
   url = "\url{http://fr.wikipedia.org/w/index.php?title=Radioactivit%C3%A9_%CE%B1&oldid=200073754}",
   note = "[En ligne; Page disponible le 2-janvier-2023]"
 }

  @misc{ enwiki:1148882523,
    author = "{Wikipedia contributors}",
    title = "National Institute of Standards and Technology --- {Wikipedia}{,} The Free Encyclopedia",
    year = "2023",
    url = "https://en.wikipedia.org/w/index.php?title=National_Institute_of_Standards_and_Technology&oldid=1148882523",
    note = "[Online; accessed 16-April-2023]"
  }

 @misc{ NIST1,
     author ="NIST",
    title="alpha particle mass in u",
    year ="2018",
    url= "https://physics.nist.gov/cgi-bin/cuu/Value?malu",
    
 }
 @misc{ frwiki:182320873,
   author = "Wikipédia",
   title = "Effet tunnel résonnant --- Wikipédia{,} l'encyclopédie libre",
   year = "2021",
   url = "http://fr.wikipedia.org/w/index.php?title=Effet_tunnel_r%C3%A9sonnant&oldid=182320873",
   note = "[En ligne; Page disponible le 26-avril-2021]"
 }
 @misc{ frwiki:182320873,
   author = "Wikipédia",
   title = "Effet tunnel résonnant --- Wikipédia{,} l'encyclopédie libre",
   year = "2021",
   url = "http://fr.wikipedia.org/w/index.php?title=Effet_tunnel_r%C3%A9sonnant&oldid=182320873",
   note = "[En ligne; Page disponible le 26-avril-2021]"
 }


 @misc{ frwiki:193318984,
   author = "Wikipédia",
   title = "Système d'unités atomiques --- Wikipédia{,} l'encyclopédie libre",
   year = "2022",
   url = "http://fr.wikipedia.org/w/index.php?title=Syst%C3%A8me_d%27unit%C3%A9s_atomiques&oldid=193318984",
   note = "[En ligne; Page disponible le 1-mai-2022]"
 }


@book{antoine2022introduction,
  title={Introduction A la physique quantique-2e {\'e}d: Cours, 50 exercices corrig{\'e}s},
  author={Antoine, Charles},
  year={2022},
  publisher={Dunod}
}
 